@book{Ada:1999,
    author =	{R.A. Adams},
    OReditor =	{},
    title =	{Calculus},
    publisher =	{Addison Wesley Longman, Inc},
    year =	{1999},
    OPTvolume =	{},
    OPTnumber =	{},
    OPTseries =	{},
    OPTaddress =	{},
    edition =	{4th},
    OPTmonth =	{},
    note =	{ISBN 0-201-39607-6}
}


@inproceedings{OrtOli:2004,
    author =	{Alberto Ortiz and Gabriel Oliver},
    title =	{Radiometric Calibration of {CCD} Sensors: Dark Current and Fixed Pattern Noise Estimation},
    booktitle =	{{IEEE} International Conference on Robotics and Automation},
    year =	{2004},
    OPTeditor =	{},
    volume =	{5},
    OPTnumber =	{},
    OPTseries =	{},
    pages =	{4730--4735},
    OPTaddress =	{},
    OPTmonth =	{},
    OPTorganization =	{},
    OPTpublisher =	{},
    OPTnote =	{}
}

